@book{exploring-colour-photography,
	author = {Hirsch, Robert},
	year = {2005},
	pages = {352},
	title = {Exploring colour photography : a complete guide},
	isbn = {978-1856694209}
}
@article{Ko2011,
	author = {Ko, Seong Young and Frasson, Luca and {Rodriguez y Baena}, Ferdinando},
	doi = {10.1109/TRO.2011.2159411},
	issn = {1552-3098},
	journal = {IEEE Transactions on Robotics},
	month = oct,
	number = {5},
	pages = {970--983},
	title = {{Closed-Loop Planar Motion Control of a Steerable Probe With a “Programmable Bevel” Inspired by Nature}},
	url = {http://ieeexplore.ieee.org/lpdocs/epic03/wrapper.htm?arnumber=5966364},
	volume = {27},
	year = {2011}
}



